2762 3393
241 240 442 285 nanneni,
465 226 569 284 quae
570 201 642 275 in
648 234 695 275 eo
717 240 884 284 apparet,
915 238 964 278 ad
987 240 1219 284 superiorem
1234 241 1407 276 aetatem
1436 203 1552 284 (1113111
1559 213 1806 291 reliquorum
2016 258 2065 291 »4
2132 259 2161 269 .«

246 296 358 332 cedit.
393 291 542 339 quibus
563 296 781 339 praemissis
801 296 851 332 ad
873 295 1022 340 ungula
1043 296 1278 332 accedamus.
1312 297 1428 332 verba
1449 295 1625 341 per-'verne
1646 287 1821 349 fflstincta
1843 255 2134 340 pierumss'*
2135 286 2184 341 ‘··J
2216 310 2234 323 -r

245 350 341 386 locis
369 350 575 386 habentur.
607 350 913 402 conglutinantur
933 350 1034 393 20,33
1056 351 1248 386 subvertite
1270 351 1328 395 (=
1350 353 1420 386 sub
1444 352 1637 395 vertice);
1649 341 1893 389 divelluntur
1908 351 1987 394 524
2018 337 2065 386 ὦ·
2085 339 2169 389 scit
2168 344 2283 398 fan..
2303 375 2331 401 3,

245 416 294 442 eu
315 407 408 443 vitia
430 409 487 448 (=
509 407 700 450 convicia),
723 407 776 448 8,1
801 409 844 442 tu
865 416 911 443 m
933 406 990 451 (=
1011 408 1127 447 tune).
1174 408 1366 474 vocabula
1378 408 1535 449 singulis
1556 407 1691 442 litteris
1713 405 1773 442 vel
1796 408 1906 465 aucta
1928 407 1996 442 vel
2010 406 2158 472 minuta
2177 401 2214 443 Γ
2243 405 2246 407 ’
2298 402 2301 405 ’
2325 396 2334 411 ”
2353 406 2374 442 “-.

247 519 377 554 ocultis
388 519 582 562 (occultis),
601 519 676 562 18,3
689 519 825 553 ocultae
838 519 1038 563 (occultos),
1050 521 1105 560 20,
1108 520 1128 554 3
1141 521 1279 555 ocur-rit
1291 522 1486 561 (occurrit).
1506 530 1580 555 uno
1598 521 1676 555 loco
1695 520 1869 555 librarius
1886 528 2015 554 vocem
2034 519 2258 562 bisyllabam
2275 518 2435 559 omisit,

247 583 308 617 eqo
328 575 498 617 itemque
519 584 594 609 uno
617 575 697 609 loco
722 575 887 609 ordinem
910 576 1111 609 verborum
1134 577 1383 618 transposuit:
1421 577 1517 619 19,17
1542 577 1642 619 lonqe
1665 578 1695 610 te
1719 578 1769 616 (te
1792 574 1925 618 longe).
1951 575 2179 618 compendiis
2210 575 2446 618 scriptitas

248 629 486 684 potissimum
519 638 611 664 usus
634 631 710 664 est:
733 629 812 670 325
834 639 965 673 sopno,
988 630 1065 672 6,15
1088 640 1144 672 cu,
1168 631 1245 670 4,13
1269 640 1300 673 q,
1324 631 1402 674 9,32
1425 635 1463 665 et
1488 632 1539 671 16
1544 632 1587 665 32
1610 641 1675 674 spe
1699 631 1754 674 (=
1773 630 1948 673 spiritus)
1973 631 2104 664 eadem
2128 630 2272 664 ratione
2295 629 2411 667 etiam
2435 622 2509 696 ἧς,

245 680 439 720 succurras
462 685 541 728 (pro
564 685 789 727 succurrere)
813 695 862 720 ex
885 687 1104 728 compendio
1136 696 1211 721 non
1243 687 1337 720 bene
1363 689 1555 730 perspecto
1580 687 1841 730 explicandum
1866 686 1956 720 mihi
1979 685 2426 720 videtur..
2568 731 2570 734 v
2688 724 2690 726 v

384 740 626 775 Correcturae
638 741 805 774 eiusdem
818 750 955 774 manus
975 744 1191 775 occurrunt:
1217 743 1247 781 2,
1249 743 1294 775 25
1306 752 1406 776 nunc
1418 742 1481 784 (ex
1494 742 1594 785 uon),
1618 744 1695 784 4,19
1706 744 1812 777 necte
1828 751 1875 776 ex
1886 742 2042 784 posthec,
2066 742 2163 783 quod
2181 741 2296 775 oculis
2310 740 2357 775 ad
2370 736 2550 790 praece-f
2674 758 2681 766 r>
2710 760 2712 766 ·

248 797 374 831 dentia
398 796 658 832 aberrantibus
682 798 814 830 natum
839 798 907 839 est,
932 797 1008 831 634
1032 798 1105 831 eris
1128 806 1176 831 ex
1200 798 1276 838 etis,
1301 798 1399 839 quod
1422 799 1555 831 vitium
1579 808 1627 832 ex
1645 798 1885 832 similitudine
1908 797 2117 831 litterarum
2140 806 2161 830 r
2184 798 2223 831 et
2245 798 2260 830 t
2284 799 2408 832 ortum
2426 785 2593 835 0830ῑῇ3,
2628 805 2635 820 2
2655 821 2657 823 .
2706 807 2713 815 *

248 853 416 887 conicias.
463 853 538 893 7,11
572 853 759 896 placuisse
783 862 830 887 ex
867 853 1030 887 docuisse
1065 854 1266 896 (praecedit
1297 854 1334 887 in
1359 854 1491 887 eodem
1516 863 1626 888 versu
1650 853 1795 897 doctae),
1831 854 1908 894 9,16
1942 854 2102 887 insanus
2136 861 2185 886 ex
2219 852 2378 894 insanie,
2416 851 2555 893 1036:ss
2571 868 2626 893 ᾳ

247 909 381 942 tardas
394 918 440 942 ex
454 911 588 949 tartas,
613 910 710 950 12,17
723 910 861 942 calores
879 919 927 942 ex
940 910 1083 946 colores,
1109 910 1183 949 17,5
1201 910 1264 943 tibi
1282 910 1449 943 additum
1469 919 1581 952 supra
1594 910 1741 951 lineam,
1766 909 1863 950 2027
1877 919 2051 953 carpaere
2064 917 2111 943 ex
2125 917 2272 952 corpore
2285 908 2509 946 correctum.
2527 918 2539 945 Γ
2554 906 2595 944 -122
2612 908 2617 912 ’
2706 908 2711 916 ’

249 964 352 1000 Haec
377 965 503 1010 omnia
527 964 700 1008 exempla
723 966 803 999 tam
828 964 927 1000 clare
952 974 1038 1008 prae
1064 973 1104 999 se
1130 964 1264 1007 ferunt,
1293 973 1357 999 cur
1385 965 1582 999 emendata
1605 966 1690 1008 sint,
1715 967 1757 998 ut
1780 965 2032 1007 interpolatori
2056 973 2100 998 ea
2124 965 2309 997 ascribere
2331 972 2514 1006 nequeas.
2537 955 2540 961 ’

382 1032 512 1066 Altera
535 1040 681 1073 manus,
706 1031 766 1074 N',
801 1032 871 1065 nisi
906 1033 943 1065 in
978 1033 1188 1066 nominibus
1214 1034 1378 1075 propriis,
1414 1042 1497 1066 raro
1521 1034 1689 1074 occurrit,
1723 1033 1777 1074 2,3
1809 1033 1967 1066 murrha
2004 1034 2143 1073 (murra
2176 1031 2248 1074 N¹),
2283 1031 2338 1072 3,7
2361 1030 2511 1074 spirare
2540 1066 2543 1067 ⁷
2599 1032 2606 1071 s

247 1091 412 1131 (sperare
431 1088 463 1122 N
470 1088 493 1126 ¹)
516 1088 572 1129 5,6
593 1097 610 1122 e
633 1090 709 1122 tota
727 1087 827 1130 (e(s)t
848 1089 928 1122 tota
947 1088 1008 1129 N¹)
1033 1089 1088 1128 5,9
1106 1089 1316 1122 tuis-votis
1341 1089 1614 1131 (ruis—nostris
1638 1088 1730 1131 N¹)¹)
1755 1089 1859 1128 21,10,
1877 1089 1943 1122 tua
1968 1091 2064 1128 (mea
2089 1087 2159 1126 N¹).
2184 1087 2313 1129 quodsi
2338 1085 2511 1122 ultimam
2539 1085 2541 1087 ’

248 1145 509 1185 correcturam,
535 1152 630 1185 quae
654 1144 734 1177 sine
760 1144 931 1185 exemplo
956 1144 1002 1176 ab
1026 1145 1172 1185 ingenio
1204 1145 1339 1178 librarii
1372 1146 1517 1178 videtur
1541 1145 1703 1187 profecta
1733 1154 1826 1186 esse,
1851 1145 2022 1187 excipies,
2055 1145 2194 1185 reliqua
2218 1144 2271 1177 ita
2295 1145 2512 1186 comparata

247 1201 347 1241 sunt,
372 1201 415 1233 ut
437 1208 566 1233 veram
591 1200 723 1241 poetae
747 1208 900 1234 manum
925 1199 962 1232 in
986 1199 1029 1232 iis
1054 1208 1257 1239 agnoscere
1281 1209 1355 1233 non
1380 1201 1559 1234 dubitem.

382 1265 436 1300 De
460 1265 737 1308 orthographia,
762 1267 892 1308 utpote
917 1275 1012 1307 quae
1035 1267 1072 1298 in
1098 1267 1167 1299 hoc
1191 1267 1312 1300 codice
1337 1268 1521 1308 propriam
1555 1268 1734 1308 originem
1757 1267 1825 1299 sibi
1849 1267 2018 1305 vindicet,
2052 1266 2144 1300 haec
2169 1266 2325 1300 adnoto:
2363 1265 2539 1301 litterae

246 1332 276 1362 e,
301 1331 355 1363 ae,
379 1331 417 1354 oe
434 1323 549 1354 etiam
573 1323 611 1354 in
635 1322 704 1354 hoc
731 1323 822 1355 libro
842 1322 1004 1355 melioris
1028 1324 1139 1355 notae
1164 1322 1455 1357 confunduntur:
1481 1322 1557 1362 7,13
1582 1323 1756 1357 assiduae
1775 1321 1960 1363 (assidue),
1987 1321 2082 1361 19,17
2101 1321 2201 1364 louye
2219 1321 2388 1364 (longae),
2413 1320 2514 1360 2027

247 1387 424 1421 carpaere
464 1378 652 1420 (carpere),
694 1377 772 1419 22,6
809 1378 1036 1420 praecipuae
1076 1378 1314 1421 (praecipue);
1357 1387 1404 1411 ex
1445 1378 1656 1411 nominibus
1691 1378 1845 1419 propriis
1886 1378 1958 1410 huc
1994 1377 2197 1418 pertinent:
2239 1378 2315 1417 2,15
2347 1375 2527 1419 phaebas.

247 1432 303 1476 (=
328 1434 496 1475 phoebe),
533 1433 631 1473 1324
655 1433 813 1466 aetnaeis
846 1434 901 1473 (=
926 1434 1077 1471 oetaeis)
1112 1433 1225 1471 alia.⁵')
1272 1433 1388 1466 semel
1413 1444 1428 1466 e
1453 1434 1652 1468 caudatum
1687 1443 1750 1476 pro
1777 1443 1818 1467 ae
1854 1433 1930 1472 20,6
1962 1432 2123 1473 adhibet,
2159 1431 2276 1467 semel
2310 1431 2348 1466 in
2383 1431 2514 1466 eodem

246 1489 428 1524 vocabulo
464 1489 624 1523 fluctuat
656 1489 839 1531 scriptura
864 1488 962 1532 1329
986 1488 1097 1530 laede,
1125 1488 1221 1531 13,30
1245 1488 1328 1522 lede.
1375 1489 1472 1523 idem
1497 1488 1573 1523 fere
1598 1489 1643 1523 de
1675 1488 1799 1523 littera
1832 1488 1857 1521 h
1890 1488 2086 1521 dicendum
2111 1488 2169 1520 est
2193 1487 2344 1521 arbitrio
2371 1487 2509 1520 librarii

247 1545 357 1579 modo
381 1545 522 1578 inserta
547 1544 657 1578 modo
682 1545 838 1577 omissa:
874 1545 952 1585 3,38
986 1545 1028 1585 ei,
1052 1544 1149 1581 2Ο,32
1175 1554 1210 1584 a,
1234 1546 1366 1577 ceteris
1390 1545 1479 1577 locis
1512 1546 1570 1577 ah.
1606 1555 1674 1578 nec
1708 1546 1767 1578 hic
1802 1545 1843 1577 19
1845 1545 1898 1585 ,22
1934 1542 2141 1586 „abstmaffl
2175 1553 2239 1585 pro
2275 1540 2508 1586 „abstrahaffl

249 1600 564 1644 praetereundum
600 1601 667 1639 est,
704 1600 800 1641 quod
825 1601 1016 1634 evidenter
1040 1601 1211 1641 ostendit,
1237 1609 1395 1642 quorsus
1419 1601 1511 1634 haec
1545 1600 1692 1635 licentia
1728 1601 1864 1643 pateat.
1908 1609 1936 1643 p
1961 1601 2045 1642 post
2077 1608 2113 1633 m
2137 1599 2268 1633 vitiose
2292 1598 2513 1633 intruditur.

246 1654 335 1696 3,25.
359 1656 447 1695 5,11.
474 1655 570 1697 1622
595 1655 812 1698 (sompnus),
837 1655 924 1697 423.
960 1656 1037 1695 725
1062 1656 1361 1698 (contempnere).
1397 1656 1474 1698 425
1499 1656 1698 1698 (dampno).
1722 1657 1796 1689 iam
1821 1658 1863 1689 ut
1887 1657 1932 1689 de
1956 1656 2089 1689 litteris
2113 1665 2130 1689 c
2154 1656 2192 1689 et
2215 1657 2228 1688 t
2252 1655 2392 1697 passim
2415 1654 2513 1688 inter

246 1720 288 1745 se
312 1711 476 1745 confusis
501 1711 591 1744 1111111
616 1711 791 1752 dicamus,
816 1712 862 1744 ad
886 1711 978 1744 alias
1003 1712 1149 1745 levioris
1174 1713 1320 1752 generis
1345 1712 1573 1754 corruptelas
1590 1713 1848 1746 transeamus:

384 1779 459 1820 1,22
483 1788 564 1812 mea
588 1780 710 1820 (meo),
738 1778 812 1820 1,34
837 1778 927 1812 desit
951 1778 1076 1820 (defit),
1100 1778 1175 1818 3,11
1195 1779 1367 1812 nundum
1386 1779 1589 1821 (nondum),
1614 1779 1691 1818 3,45
1709 1788 1824 1822 sapor
1841 1777 1987 1821 (sopor),
2012 1778 2086 1818 521
2107 1779 2274 1811 nostram
2299 1776 2508 1820 (nostrum),

245 1833 322 1875 6,12
347 1843 470 1868 amore
493 1836 646 1876 amare),
681 1833 758 1872 827
783 1835 861 1867 erat
886 1833 994 1875 (erit),
1029 1834 1104 1873 931
1136 1835 1281 1877 possint
1313 1836 1506 1876 (possunt),
1543 1836 1640 1874 11,15
1674 1836 1797 1868 amota
1829 1835 1991 1876 (amoto),
2031 1833 2105 1873 129
2139 1843 2213 1867 nou
2247 1834 2375 1875 (num),
2412 1832 2511 1875 13,13

248 1898 378 1933 augere
403 1889 582 1932 (augure),
620 1890 718 1929 13,16
741 1890 881 1923 intectis
905 1889 1084 1931 (iniectis),
1123 1890 1218 1929 16,12
1248 1890 1389 1923 luziria
1419 1891 1602 1931 (luxuria),
1640 1891 1737 1931 16,18
1760 1891 1836 1924 iam
1860 1891 1976 1932 (tam),
2014 1889 2112 1929 18,16
2144 1889 2284 1923 delectis
2320 1887 2510 1929 (deiectis),

249 1946 347 1985 18:302
371 1947 489 1980 iacent
514 1946 686 1986 (vacent),
713 1945 785 1987 19,1
811 1946 935 1979 tristos
959 1946 1122 1987 (tristes),
1147 1946 1224 1986 20,7
1247 1946 1343 1980 huuc
1367 1945 1517 1988 (huic)⁸),
1541 1945 1640 1989 20,18
1663 1946 1766 1989 zonqo
1792 1945 1938 1988 (longe).

382 2000 455 2035 Sed
480 2001 573 2034 satis
598 2001 643 2034 de
668 2001 766 2034 vitiis
791 2001 995 2043 scripturae
1020 2001 1158 2035 dictum
1184 2003 1251 2043 est,
1276 2002 1543 2043 praestantiam
1562 2002 1730 2035 lectionis
1750 2002 1842 2035 haec
1858 2001 2030 2043 exempla
2050 2002 2245 2035 evincunt:
2270 2001 2324 2042 2,3
2341 1998 2513 2041 murrha,

246 2056 346 2097 1126
380 2057 419 2090 et
455 2056 551 2097 l9,11
588 2056 776 2096 quicquid,
816 2056 895 2097 820
935 2064 1107 2098 oryquos;
1154 2058 1231 2097 3,45
1264 2058 1412 2099 inpulit,
1455 2057 1508 2098 5,7
1544 2057 1701 2098 conlata,
1745 2057 1822 2097 624
1863 2057 2021 2098 adferat,
2058 2058 2132 2098 102
2169 2056 2376 2098 adsueram,
2411 2054 2517 2098 2020

246 2112 483 2156 adplicuisse,
507 2112 585 2149 229
609 2112 806 2154 subposito.

380 2178 579 2212 Praeterea
614 2179 652 2211 in
688 2179 859 2212 omnibus
894 2179 969 2213 fere
1004 2179 1103 2218 locis,
1138 2180 1201 2213 ubi
1236 2180 1354 2213 altera
1390 2180 1528 2213 familia
1562 2179 1623 2212 AF
1662 2180 1721 2213 vel
1758 2180 1822 2213 DV
1858 2180 1931 2219 (vel
1969 2189 2097 2214 eorum
2133 2180 2362 2214 correctores
2397 2177 2508 2217 F'V')

244 2234 470 2276 interpolata
494 2236 554 2268 est
577 2235 644 2267 aut
667 2234 802 2275 singuli
827 2235 971 2268 codices
994 2235 1198 2277 scripturae
1227 2236 1324 2269 vitiis
1348 2235 1568 2278 discrepant,
1601 2235 1868 2278 Neapolitanus
1902 2244 1997 2278 quae
2022 2244 2109 2269 vera
2135 2237 2174 2270 et
2197 2235 2362 2277 genuina
2387 2233 2512 2269 arche·

244 2290 325 2332 typi
349 2289 458 2324 lectio
483 2289 605 2331 fuerit,
631 2290 698 2322 aut
720 2289 858 2323 indicat
881 2291 946 2323 aut
969 2290 1184 2324 confirmat:
1593 2302 1595 2305 ’
2565 2329 2569 2332 ‚

382 2346 432 2386 1,1
458 2346 560 2389 cepit,
587 2345 662 2384 1,13
685 2345 846 2386 vulnere,
870 2346 921 2385 2,1
946 2347 1032 2387 vita,
1056 2345 1133 2386 2,19
1156 2356 1231 2387 uec,
1263 2347 1339 2389 229
1369 2346 1486 2388 dictis,
1509 2309 1564 2390 3,6
1587 2347 1752 2390 concidit,
1775 2346 1852 2389 329
1876 2347 1951 2388 tibi,
1975 2346 2053 2387 3,3O
2077 2347 2219 2389 cogeret,
2243 2345 2320 2389 3,43
2344 2345 2507 2380 leviter-

244 2402 431 2444 querebar,
454 2402 487 2444 4,
489 2401 532 2435 22
557 2401 707 2444 differet,
730 2401 783 2444 6,1
803 2410 915 2442 nuuc,
938 2401 969 2441 6,
972 2402 993 2435 6
1010 2402 1134 2443 colore,
1157 2402 1235 2442 6,15
1250 2402 1362 2444 fatiat
1380 2412 1424 2436 cu
1441 2403 1543 2444 vitia,
1567 2403 1643 2443 6,17
1669 2403 1798 2444 debita,
1823 2403 1854 2442 7,
1856 2403 1900 2436 20
1923 2411 2040 2443 serus,
2063 2403 2118 2443 8,6
2142 2412 2251 2443 nave,
2275 2402 2353 2445 8,15
2368 2402 2409 2435 iu
2432 2409 2515 2444 ora,

243 2458 323 2496 8,19
345 2459 387 2492 ut
410 2459 453 2499 te,
476 2457 557 2497 8,22
578 2467 636 2499 eqo
660 2458 748 2498 vita,
771 2457 850 2498 8,45
873 2459 996 2499 certos,
1019 2458 1096 2497 9,15
1119 2458 1207 2498 quid
1230 2459 1274 2499 si,
1298 2458 1375 2495 927
1399 2458 1575 2499 seducere,
1607 2459 1682 2499 9,31
1708 2459 1836 2500 silices,
1859 2458 1937 2500 9,32
1960 2458 2107 2499 nedum,
2142 2458 2239 2495 10,19
2261 2464 2507 2500 quaecunque,
2587 2482 2590 2485 Δ
2650 2496 2653 2498 ,
2702 2483 2717 2503 :

243 2514 342 2555 1025
364 2514 528 2555 irritata,
553 2513 629 2555 12,9
653 2522 704 2547 au
728 2520 833 2554 quae,
859 2513 956 2553 12,17
979 2514 1127 2555 calores,
1165 2514 1240 2554 13,5
1268 2514 1387 2556 sama,
1425 2515 1520 2555 13,11
1554 2514 1614 2548 hec
1645 2515 1850 2557 compescet,
1888 2514 1984 2553 13,12
2018 2514 2170 2555 amicus,
2218 2514 2316 2554 1422
2338 2512 2514 2554 relevant,
2555 2540 2559 2542 .
2616 2509 2619 2511 ’
2707 2504 2715 2554 ζ

244 2570 320 2612 15,5
343 2569 540 2610 hesternos,
566 2569 642 2608 17,6
665 2569 845 2611 increpat,
872 2569 968 2609 1726
991 2569 1107 2610 choro,
1133 2569 1231 2609 1820
1249 2571 1381 2611 amica,
1406 2571 1505 2610 19,10
1527 2571 1686 2611 venerat,
1709 2571 1784 2609 21,1
1809 2570 1883 2611 hoc,
1907 2570 1984 2609 20,7
2010 2570 2118 2611 huuc,
2142 2569 2219 2610 22,7
2247 2571 2298 2605 tu.

379 2624 481 2666 Quae
504 2633 590 2658 cum
613 2625 666 2658 ita
689 2625 775 2666 sint,
800 2623 918 2658 codex
941 2623 974 2656 N
998 2625 1144 2658 etiamsi
1168 2625 1296 2658 multis
1331 2626 1537 2667 scripturae
1572 2626 1757 2659 erroribus
1781 2626 2005 2667 depravatus
2037 2627 2097 2660 est
2128 2627 2167 2659 et
2201 2633 2300 2659 unus
2327 2625 2394 2658 aut
2417 2624 2529 2658 alter
2553 2635 2556 2638 ·

245 2682 456 2715 ceterorum
480 2680 646 2714 codicum
670 2681 864 2714 meliorem
899 2680 1085 2714 interdum
1109 2681 1306 2715 lectionem
1342 2682 1504 2722 exhibet,
1540 2682 1669 2715 tamen
1704 2682 1750 2715 ob
1786 2690 1869 2715 eam
1903 2690 2056 2716 causam
2083 2680 2231 2723 plurimi
2255 2679 2515 2715 aestimandus

245 2737 313 2778 est,
338 2735 436 2778 quod
461 2737 507 2770 ab
531 2735 881 2778 interpolationibus
904 2735 1083 2770 Italorum
1107 2737 1272 2771 maxime
1296 2737 1441 2779 integer
1462 2745 1655 2778 nunquam
1670 2738 1898 2778 gravioribus
1911 2738 2116 2779 scripturae
2136 2735 2354 2778 corruptelis
2372 2735 2533 2770 bonamv
2558 2750 2559 2753 ¹
2655 2755 2660 2759 -
2689 2747 2716 2763 ›·

242 2791 407 2826 indolem
425 2791 597 2833 mutavit,
620 2791 673 2825 ita
685 2793 728 2825 ut
740 2792 778 2825 in
791 2792 1021 2825 dissensione
1039 2794 1247 2826 ceterorum
1267 2793 1444 2826 librorum
1463 2793 1510 2826 ad
1529 2793 1609 2826 eius
1628 2793 1845 2835 plerumque
1863 2794 2125 2827 auctoritatem
2144 2791 2433 2834 confugiendum
2449 2786 2530 2838 sit}-

381 2902 402 2933 ¹)
420 2908 475 2929 cur
491 2901 705 2929 Baehrensius
723 2902 866 2930 hocloco
884 2902 1053 2930 secundam
1079 2910 1207 2930 manum
1233 2903 1433 2937 Neapolitani
1463 2903 1617 2937 respuerit
1646 2904 1678 2931 et
1706 2904 1745 2932 ab
1771 2904 1899 2938 ingenio
1928 2910 1984 2931 suo
2003 2903 2178 2932 subsidium
2204 2904 2346 2937 repetere
2364 2899 2515 2932 mauult
2562 2939 2564 2941 Ι

379 2990 401 3022 ²)
418 2947 691 3021 111113)ἒὲῗὲἒὲῗῖῘο
706 2991 758 3021 ea
773 2991 825 3021 es.
843 2991 927 3022 1³22.
943 2992 1026 3021 1329.
1047 2992 1132 3022 meo.
2553 3023 2558 3031 ,

379 3034 401 3067 ⁸)
418 3042 609 3068 quamquam
626 3035 828 3063 Lachmanno
853 3036 954 3064 iudice
977 3036 1055 3069 (1816
1072 3044 1099 3071 p.
1116 3037 1160 3069 80)
1180 3044 1243 3064 non
1271 3037 1407 3065 multum
1425 3037 1528 3071 refert,
1552 3038 1659 3065 utrum
1683 3038 1801 3066 scribas
1819 3038 2050 3071 hunc-cupidis
2067 3037 2187 3072 rapinis
2211 3037 2265 3065 vel
2282 3035 2533 3074 huie-cupiam,
2644 3071 2646 3074 y
2666 3051 2688 3080 g

422 3080 561 3114 rapinae,
578 3081 687 3108 tamen
705 3080 765 3108 hoc
776 3081 987 3115 praetulerim,
1004 3081 1077 3114 quia
1095 3082 1220 3115 cupidas
1242 3083 1369 3116 rapinas
1386 3083 1420 3109 in
1439 3083 1584 3110 omnibus
1602 3083 1692 3111 libris
1709 3083 1824 3117 legitur
1842 3085 1875 3111 ot
1892 3084 1960 3110 huic
1977 3083 2126 3111 facillime
2145 3082 2178 3111 in
2196 3083 2276 3110 hunc
2292 3081 2380 3110 abire
2396 3078 2550 3116 potnias
2564 3081 2580 3103 ·;-
2622 3117 2625 3120 ,
2685 3107 2699 3129 ¹.
