2762 3393
70 126 74 137 ··
68 81 78 91 v*
68 24 90 71 *tta

934 205 1026 251 8,19.
1075 205 1122 242 Ut
1142 208 1175 242 te
1194 207 1294 250 foliot
1311 198 1510 252 prateae
1528 199 1884 246 &ramma

487 265 489 267 ’
1070 262 1242 308 Accipiat
1261 262 1424 308 placidie
1448 261 1573 302 Oricon
1596 259 1866 308 aequom&
1965 291 1971 294 Α
1992 269 2044 285 ’·“

262 289 306 352 ut
327 317 361 351 te
381 315 493 359 ARN,
516 318 618 352 utero
660 317 738 354 VD.
761 318 800 352 in
823 299 1008 361 scriptura
1029 319 1072 353 ut
1094 320 1127 353 te
1149 319 1316 354 maxime
1338 319 1376 354 id
1398 305 1562 364 offendit,
1596 319 1695 362 quod
1715 321 1912 365 praevecta
1934 302 2070 372 quinte
2084 314 2190 359 (08811
2207 317 2277 368 pro
2307 343 2311 351 ι
2330 341 2342 354 .-

263 372 366 415 quod
386 368 438 407 a'd
459 372 495 408 te
514 367 777 420 applicandum
801 374 870 416 est,
893 375 1106 417 usurpatur.
1137 375 1236 417 quod
1260 375 1322 418 qui
1345 376 1531 411 sermonis
1554 375 1660 410 latini
1682 371 1976 413 concinnitatem
1997 376 2118 412 nulio
2124 378 2236 415 modo
2244 368 2342 426 8811-
2408 417 2411 421 ,
2464 422 2467 424 ,

263 428 434 464 codicum
455 428 626 472 apicibus
648 437 802 472 prorsus
825 429 964 464 relictis
988 430 1035 464 ad
1060 431 1291 465 coniecturas
1315 431 1583 466 audacissimas
1606 430 1864 474 confugerunt,
1896 439 1966 467 nec
1988 430 2119 468 tamen
2144 431 2270 470 locum
2292 424 2430 475 8888
2451 419 2477 433 ”

262 482 364 519 Satis
373 485 739 520 estcommemorare
751 494 838 528 „per
846 494 958 519 saeva
968 484 1190 528 Ceraunia,
1199 488 1354 530 „vectam
1364 496 1432 531 per
1444 486 1594 522 caerula
1605 485 1737 529 remo“,
1750 486 1930 522 Italorum
1943 488 2150 524 conamina.
2161 484 2389 532 188318181111
2398 479 2481 532 8111

262 539 409 575 Ηο18811
432 540 645 575 coniectura
664 541 752 584 post
774 540 882 582 victa,
906 541 993 583 quia
1016 541 1197 576 librorum
1221 543 1381 585 vestigia
1404 542 1642 585 aliquatenus
1665 543 1824 585 respicit,
1849 551 1922 584 qua
1945 543 2018 577 nisi
2040 543 2103 578 8111
2125 544 2198 579 8118
2216 536 2547 591 excogitaveninu

262 595 369 630 velut
398 595 439 630 L.
463 595 662 630 Muellerus
695 604 744 631 ex
776 595 829 629 IV
851 596 953 638 22,12
977 596 1081 636 (=111
1098 597 1152 638 22
1156 598 1197 630 12
1215 597 1271 635 Β.)
1294 597 1462 631 Peliacae
1485 598 1602 631 trabis
1625 599 1740 631 totum
1763 598 1830 631 iter
1852 598 1932 641 ipse
1955 596 2072 641 ze9a3‘1
2105 595 2406 636 emendationem
2432 592 2546 648 ,1)οῗεέ

263 650 389 686 lecta
413 648 621 687 Cerauni&
646 650 782 686 elicuit.
830 650 878 686 Et
911 651 983 686 hoc
1006 652 1065 686 vel
1099 652 1209 687 simili
1240 653 1352 687 modo
1385 653 1585 696 legendum
1610 655 1679 696 est,
1712 654 1894 696 siquidem
1927 655 2118 697 praevecta
2149 655 2238 689 ferri
2268 657 2409 699 nequit.
2462 655 2537 693 Sed

261 715 385 751 neque
402 707 632 741 Lachmanni
656 707 869 742 emendatio
893 709 981 742 vites
1002 708 1099 749 felici
1120 710 1312 751 praevecta
1339 708 1526 743 Ceraunia
1548 719 1658 751 remo,
1682 718 1752 744 nec
1771 710 1869 752 quod
1887 709 2139 744 Baehrensius
2156 711 2298 755 recepit
2319 712 2419 747 utere
2433 711 2531 755 felici

259 764 455 806 praevecta
467 762 582 797 ullam
597 763 900 805 probabilitatem
912 764 1064 797 habent.
1090 765 1250 806 primum
1270 765 1367 797 enim
1388 763 1551 806 offendit,
1576 766 1672 806 quod
1692 774 1758 808 pro
1772 767 1966 809 praevecta
1989 775 2062 800 non
2082 766 2315 809 participium
2328 764 2538 811 praesentis
2572 754 2575 757 ⁵
2642 756 2662 802 =.⁹

261 819 427 863 positum
452 820 523 863 est,
545 821 628 853 tum
652 820 840 854 obiectum
866 821 963 862 quod
989 820 1115 854 dicunt
1138 821 1169 854 te
1187 821 1233 854 ad
1253 820 1412 863 accipiat
1435 829 1547 862 aegre
1566 821 1771 863 suppletur,
1797 822 1879 855 tum
1897 822 1969 855 tria
1987 822 2074 855 vota
2097 820 2162 864 (sit
2178 831 2254 856 non
2272 823 2403 867 aliena,
2427 825 2534 859 utere
2589 839 2608 847 ν
2724 840 2744 865 ,-

260 876 471 918 praevecta,
495 875 652 918 accipiat
676 874 817 918 Oricos)
841 877 948 918 quasi
972 886 1046 911 uno
1070 878 1201 919 spiritu
1231 886 1299 911 nec
1333 877 1409 911 ulla
1443 877 1700 910 coniunctione
1725 877 1851 911 addita
1884 877 2023 912 effundi
2045 878 2122 912 veri
2147 878 2206 912 est
2228 878 2533 915 dissimillimum.
2587 867 2592 874 ’
2626 884 2636 895 “
2729 870 2734 881 '

261 931 458 974 sednobis,
482 931 688 974 antequam
711 931 836 966 locum
862 933 1081 967 coniecturis
1106 935 1348 975 temptemus,
1373 933 1553 975 imprimis
1579 934 1831 974 quaerendum
1858 934 2014 976 videtur,
2046 942 2170 968 nonne
2203 934 2367 969 insolens
2399 935 2451 970 illi
2475 944 2533 970 vo·

260 986 372 1021 cativi
394 995 488 1021 usus
511 986 714 1031 Propertio,
740 988 802 1029 qui
826 989 905 1022 tam
930 988 1048 1022 multa
1074 988 1276 1030 singularia
1295 989 1419 1031 habet,
1444 988 1556 1022 tribui
1570 988 1699 1030 possit.
1735 987 1782 1022 Et
1800 988 1962 1031 fuerunt,
1988 990 2048 1032 qui
2064 990 2258 1033 praevecta
2276 990 2528 1027 defenderent.

259 1041 540 1086 Hertzbergius,
577 1044 640 1086 qui
674 1044 712 1077 in
747 1053 859 1077 usum
894 1043 1075 1086 Propertii
1110 1046 1322 1078 accuratius
1358 1045 1548 1086 inquisivit
1584 1053 1696 1085 quam
1732 1044 1896 1086 plerique
1920 1046 2179 1088 recentiorum,
2203 1046 2241 1079 in
2265 1047 2533 1082 commentario

260 1097 308 1141 (p.
321 1098 380 1141 31)
404 1097 522 1132 Ovidii
545 1098 669 1133 locum
694 1100 798 1132 citat:
822 1099 908 1133 Met.
922 1098 1033 1132 V269
1058 1101 1096 1133 et
1118 1100 1155 1133 in
1180 1101 1462 1142 quaestionibus
1487 1108 1564 1141 cap.
1582 1099 1634 1133 VI
1654 1108 1687 1141 p.
1705 1099 1769 1132 138
1793 1100 1837 1133 de
1862 1101 2027 1134 carmine
2050 1101 2068 1133 Ι
2090 1101 2163 1142 11,9
2186 1101 2380 1143 disputans
2397 1102 2536 1146 conlisa

257 1163 334 1188 non
358 1154 406 1190 ad
429 1154 556 1197 cymba
581 1156 730 1197 propter
755 1154 1025 1197 effigurationis
1049 1155 1364 1198 (prosopopoeiae)
1388 1155 1581 1190 insolitum
1605 1163 1724 1197 genus
1748 1154 1874 1198 trahit,
1915 1156 1980 1190 sed
2015 1165 2099 1190 cum
2135 1157 2349 1192 accusativo
2388 1159 2419 1192 te
2451 1167 2533 1192 0011-
2562 1167 2565 1171 ·

259 1211 390 1252 iungit,
415 1211 514 1253 quod
538 1211 636 1244 idem
657 1210 819 1244 Jacobus
843 1212 879 1243 in
904 1211 1150 1244 translatione
1176 1212 1388 1252 germanica
1413 1220 1617 1253 agnoscere
1640 1211 1796 1252 videtur,
1821 1211 1874 1244 sic
1898 1220 1942 1244 ea
1966 1212 2079 1245 verba
2103 1213 2272 1248 vertens:

844 1264 977 1309 ssenrteft
1000 1265 1042 1300 bu
1066 1265 1171 1307 ficher,
1202 1266 1236 1300 ἰη
1261 1266 1363 1300 {edem
1387 1266 1564 1301 §Bettrauen
1589 1265 1645 1307 aui
1667 1264 1811 1307 niebiicije
1835 1265 1954 1308 ffluber,

842 1321 877 1355 in
901 1321 968 1356 bem
993 1322 1203 1363 Suffiniimen
1227 1323 1290 1357 &ee
1315 1322 1406 1365 cifrig
1430 1322 1487 1355 ben
1511 1321 1667 1364 mingigen
1690 1321 1794 1363 stetin.

258 1387 328 1413 nec
351 1378 476 1413 minus
500 1378 702 1412 Brandtius
724 1379 919 1421 praevecta
943 1380 1084 1421 probat,
1110 1388 1195 1412 cum
1220 1379 1317 1412 dicat
1341 1379 1553 1412 vocativum
1578 1380 1616 1412 et
1639 1379 1910 1412 nominativum
1943 1387 2017 1412 non
2042 1387 2124 1412 raro
2158 1378 2257 1412 locos
2282 1381 2450 1414 mutasse
2492 1381 2535 1415 ut

258 1434 277 1467 I
301 1434 378 1474 734
403 1434 552 1467 ardoris
576 1434 695 1467 nostri
718 1444 848 1476 macne
868 1435 978 1476 poeta
1004 1436 1097 1467 iaces
1121 1436 1159 1468 et
1183 1435 1219 1467 Π
1243 1435 1329 1476 630,
1355 1435 1416 1467 ubi
1436 1435 1588 1475 quintus
1605 1443 1716 1467 casus
1735 1435 1813 1467 vice
1831 1435 1938 1475 primi
1962 1434 2130 1474 fungitur
2152 1435 2379 1468 nutritus
2403 1435 2532 1476 durae,

259 1489 426 1531 Romule,
450 1490 541 1523 lacte
565 1489 688 1533 lupae.
714 1490 779 1523 sed
803 1489 866 1523 illa
891 1490 1013 1532 potius
1039 1490 1212 1532 exempla
1237 1490 1450 1531 quaerenda
1474 1490 1573 1532 sunt,
1598 1490 1661 1523 ubi
1685 1490 1857 1532 quintum
1883 1498 2013 1523 casum
2039 1499 2103 1532 pro
2129 1491 2260 1531 quarto
2285 1491 2390 1532 ponit
2413 1492 2533 1534 poeta,

258 1546 362 1579 cuius
387 1546 535 1588 generis
559 1547 633 1578 est:
658 1546 676 1578 Ι
703 1545 797 1586 1831
822 1547 989 1578 resonent
1013 1546 1102 1578 mihi
1131 1545 1333 1587 Cynthia
1358 1546 1482 1586 silvae,
1516 1554 1600 1578 cum
1625 1545 1810 1586 Vergilius
1836 1545 1909 1579 Ecl.
1935 1545 1952 1578 Ι
1977 1546 1998 1578 5
2023 1545 2252 1587 Amaryllida
2276 1554 2462 1588 resonare,
2496 1548 2535 1580 et

258 1601 342 1637 aliis
359 1601 398 1636 in
415 1601 505 1636 locis
524 1600 677 1635 Italiam
702 1601 928 1636 conclamare
954 1601 1000 1641 (A
1019 1601 1165 1641 111523)
1190 1603 1356 1644 usurpet.
1382 1610 1506 1643 quare,
1532 1602 1749 1644 priusquam
1767 1601 1860 1635 satis
1886 1602 2117 1643 compertum
2137 1602 2195 1643 sit,
2221 1602 2343 1643 quoad
2366 1602 2530 1636 insolens

258 1658 320 1692 ille
343 1658 504 1692 vocativi
527 1665 621 1691 usus
646 1658 744 1700 apud
768 1657 1000 1699 Propertium
1025 1658 1180 1699 eiusque
1205 1658 1381 1700 aequales
1400 1658 1537 1700 pateat,
1563 1657 1631 1691 loci
1655 1658 1879 1700 scripturam
1898 1658 2054 1700 tangere
2078 1658 2163 1691 nolo
2188 1659 2227 1692 et
2242 1657 2308 1692 DV
2332 1657 2531 1693 lectionem

258 1716 358 1749 utere
382 1723 448 1757 pro
472 1713 655 1755 figmento
680 1714 860 1748 Italorum
884 1713 1018 1747 infelici
1042 1714 1172 1748 haberi
1196 1714 1290 1748 volo.

393 1770 466 1805 Sed
491 1771 538 1804 ad
561 1771 747 1804 rationem
772 1771 938 1804 codicum
963 1770 1223 1812 explicandam
1248 1771 1456 1805 redeamus.
1491 1770 1785 1813 interpolationis
1823 1779 1918 1812 quae
1943 1770 2115 1813 proposui
2140 1770 2324 1814 exempla,
2361 1779 2434 1813 quo
2459 1770 2534 1806 dili-

258 1827 410 1870 gentius
435 1827 627 1861 considero
653 1828 692 1861 et
716 1836 801 1861 cum
825 1827 962 1860 tradita
987 1827 1144 1861 lectione
1169 1836 1354 1870 comparo,
1388 1837 1431 1861 eo
1456 1828 1605 1870 saepius
1630 1827 1803 1868 cogitatio
1836 1828 2003 1861 animum
2036 1827 2145 1870 subit,
2177 1827 2208 1860 si
2242 1828 2356 1861 ceteri
2389 1828 2532 1862 codices

259 1884 408 1926 praeter
430 1883 496 1917 VD
529 1883 630 1917 mala
663 1883 814 1917 fortuna
845 1883 972 1917 amissi
1007 1885 1145 1925 essent,
1181 1884 1371 1917 neminem
1403 1884 1440 1917 in
1476 1883 1547 1916 illis
1578 1882 1739 1917 familiae
1763 1882 1828 1917 VD
1858 1882 2078 1917 lectionibus
2116 1878 2257 1925 (paucis
2281 1883 2458 1926 exceptis,
2495 1884 2533 1918 in

258 1940 393 1982 quibus
418 1939 662 1982 interpolator
686 1939 797 1981 longe
821 1948 843 1973 a
867 1948 954 1973 vero
979 1938 1179 1981 aberravit)
1204 1939 1435 1973 offensurum
1461 1948 1562 1981 esse;
1588 1940 1623 1973 id
1649 1940 1776 1972 autem
1801 1948 1876 1972 non
1901 1939 2070 1981 propriae
2094 1939 2219 1981 stirpis
2243 1948 2380 1973 munus
2399 1940 2467 1982 est,
2491 1941 2535 1974 ut

256 1997 407 2039 poetam
426 1995 694 2038 elegantiorem
714 1995 858 2038 efficiat,
879 1996 944 2029 sed
964 1997 1208 2030 correctorem
1229 1997 1357 2038 spirat,
1378 1996 1438 2037 qui
1458 2005 1553 2037 quae
1572 1996 1640 2029 sibi
1658 1996 1705 2029 ab
1724 1996 1867 2029 urbana
1887 1995 2029 2029 d1cendi
2049 1995 2315 2029 consuetudine
2333 1995 2533 2030 abhorrere

257 2052 484 2094 viderentur,
511 2061 580 2085 suo
604 2052 754 2092 ingenio
779 2052 977 2084 emendare
996 2052 1142 2084 studuit
1164 2054 1298 2092 poetae
1317 2060 1387 2084 usu
1405 2051 1512 2093 plane
1534 2051 1713 2092 neglecto.
1747 2051 1822 2083 iam
1842 2051 1887 2084 de
1906 2052 2041 2083 natura
2059 2050 2201 2092 antiqui
2220 2050 2364 2092 codicis,
2389 2059 2437 2084 ex
2461 2059 2533 2093 quo

256 2107 322 2142 VD
348 2107 503 2142 derivati
528 2108 628 2149 sunt,
654 2116 773 2149 pauca
796 2116 870 2140 non
895 2107 1005 2140 certis
1030 2107 1179 2148 quidem
1205 2109 1437 2149 argumentis
1461 2107 1525 2141 sed
1551 2107 1763 2141 coniectura
1788 2107 1911 2148 potius
1936 2107 2078 2148 aperire
2096 2107 2312 2148 poterimus.
2338 2106 2532 2148 exemplar

256 2162 358 2206 illud,
392 2164 490 2206 quod
523 2163 627 2197 libris
651 2162 716 2196 VD
742 2163 904 2206 suberat,
939 2163 1139 2197 nonnullas
1172 2172 1240 2197 nec
1272 2165 1400 2197 tamen
1432 2164 1484 2197 ita
1511 2163 1650 2197 multas
1680 2162 1874 2205 archetypi
1900 2162 2104 2205 scripturas
2137 2161 2271 2196 melius
2303 2162 2531 2206 servaverat,
2577 2174 2580 2175 ⁷

258 2228 373 2262 quam
397 2229 533 2263 parens
558 2219 722 2254 familiae
748 2218 830 2261 AF3
867 2220 932 2253 sed
964 2221 1062 2254 idem
1088 2220 1134 2254 ab
1160 2220 1255 2254 Italo
1280 2221 1479 2261 nescioquo
1504 2220 1551 2253 ad
1576 2229 1747 2253 normam
1773 2219 1980 2259 elegantiae
2010 2219 2115 2252 latini
2139 2219 2332 2259 sermonis,
2369 2218 2428 2252 cui
2450 2219 2532 2252 tum
2584 2220 2586 2222 '

257 2275 424 2318 plerique
449 2276 663 2318 studebant,
689 2275 768 2309 sive
793 2276 830 2308 in
854 2276 1021 2317 margine
1045 2276 1124 2310 sive
1150 2276 1247 2309 intra
1272 2275 1388 2310 lineas
1415 2277 1624 2310 correctum
1650 2277 1740 2318 erat,
1779 2275 1883 2309 cuius
1902 2275 2116 2308 commenta
2134 2273 2270 2308 librarii
2289 2273 2452 2308 familiae
2466 2273 2533 2309 VD

257 2332 393 2374 partim
417 2332 455 2365 in
479 2332 648 2366 ordinem
673 2332 875 2366 verborum
898 2334 1129 2374 receperunt,
1156 2333 1291 2374 partim
1316 2333 1393 2366 suis
1418 2333 1641 2366 commentis
1666 2333 1963 2366 substraverunt.
2012 2331 2144 2372 Itaque
2169 2332 2239 2364 nisi
2262 2331 2328 2365 VD
2352 2331 2532 2365 lectiones

254 2388 307 2422 ita
326 2388 373 2422 ad
392 2389 602 2422 ceterorum
621 2388 790 2422 codicum
815 2388 938 2430 apices
957 2389 1148 2428 accedunt,
1174 2390 1216 2422 ut
1236 2389 1281 2423 ad
1301 2389 1459 2423 eandem
1478 2389 1658 2430 originem
1678 2387 1806 2422 referri
1821 2388 1974 2430 possint,
1999 2395 2045 2421 ne
2066 2387 2175 2420 huius
2195 2387 2344 2429 quidem
2368 2385 2532 2422 familiae

255 2445 460 2478 auctoritas
479 2445 683 2486 quidquam
702 2443 805 2478 valet
821 2446 860 2477 et
873 2445 1077 2478 cavendum
1097 2446 1165 2486 est,
1183 2454 1230 2478 ne
1250 2445 1334 2478 Itali
1353 2445 1546 2478 cuiusdam
1565 2444 1728 2485 audacia,
1754 2453 1848 2485 quae
1868 2443 1990 2485 specie
2008 2452 2049 2477 se
2073 2443 2322 2486 commendat,
2348 2442 2532 2477 fallamur.

990 2512 1030 2545 4.
1067 2513 1131 2545 De
1154 2513 1347 2546 dissensu
1373 2513 1524 2546 classis
1546 2512 1629 2545 AF
1648 2514 1688 2545 et
1720 2512 1807 2545 VD.

390 2567 443 2600 At
461 2567 589 2608 quaeri
613 2567 750 2609 potest,
777 2567 808 2600 si
833 2575 902 2608 ope
927 2565 1159 2608 Neapolitani
1185 2568 1444 2609 destituamur,
1470 2567 1543 2600 utri
1567 2566 1676 2600 classi
1701 2566 1819 2600 maior
1838 2565 1958 2599 honor
1976 2565 2170 2599 habendus
2189 2565 2237 2598 sit
2246 2575 2255 2607 ;
2280 2565 2378 2606 quod
2403 2573 2530 2607 quam-

255 2631 370 2665 quam
394 2623 464 2656 nisi
489 2632 713 2665 unoquoque
738 2623 819 2657 loco
844 2623 891 2656 ad
915 2622 1099 2656 calculum
1124 2625 1253 2657 vocato
1278 2623 1466 2657 diiudicari
1490 2623 1631 2664 nequit,
1665 2624 1791 2656 tamen
1825 2622 1862 2656 in
1894 2623 2109 2656 universum
2145 2620 2370 2663 comparatis
2395 2629 2527 2655 eorum

255 2678 436 2711 librorum
459 2678 682 2712 lectionibus
706 2679 902 2721 apparebit
925 2678 1106 2711 familiam
1130 2678 1192 2712 AF
1213 2679 1235 2718 ¹)
1259 2679 1471 2714 inferiorem
1497 2687 1580 2712 esse
1606 2677 1745 2711 familia
1768 2677 1844 2712 VD.
2543 2718 2545 2721 ι

390 2734 516 2776 Atque
533 2734 683 2768 inferior
699 2736 757 2769 est
773 2735 796 2769 f.
816 2734 880 2768 AF
898 2735 958 2768 his
978 2734 1084 2768 locis:
1111 2736 1161 2774 1,1
1179 2735 1273 2776 fecit,
1299 2735 1374 2774 1,13
1393 2735 1533 2775 arbore,
1555 2735 1629 2774 132
1644 2735 1802 2777 placeat,
1825 2734 1879 2774 2,7
1903 2735 1970 2767 tua
1988 2734 2061 2774 est„
2085 2732 2140 2773 3,6
2163 2731 2349 2773 conscidit,
2373 2732 2452 2772 6,15
2468 2731 2529 2766 hic
2572 2730 2593 2780 ’Δ

255 2798 388 2824 versus
408 2791 572 2825 omissus
591 2791 661 2834 est,
679 2791 757 2831 635
773 2792 862 2833 iarn,
881 2791 935 2832 7,7
952 2800 1016 2825 nec
1034 2792 1168 2831 tamen,
1188 2791 1263 2831 7,17
1281 2791 1362 2833 eibi,
1379 2791 1431 2832 8,1
1453 2791 1579 2834 culpa,
1597 2789 1652 2831 8,4
1670 2790 1777 2824 deest
1788 2789 2013 2824 vocabulum
2026 2799 2091 2823 rne.
2115 2788 2170 2829 8,6
2182 2797 2302 2830 mane,
2314 2787 2370 2827 8.7
2382 2788 2531 2830 ruinae,
2629 2814 2651 2831 ‚-
2667 2829 2671 2834 ⁴
2728 2828 2731 2829 ⁷

253 2846 333 2887 832
344 2847 438 2888 tuta,
461 2846 539 2887 837
552 2849 643 2889 erat,
666 2847 745 2887 838
759 2857 906 2889 amara,
930 2847 1008 2888 8,44
1024 2848 1109 2888 sive,
1132 2847 1210 2889 &45
1223 2857 1396 2888 summos,
1421 2846 1498 2887 932
1515 2846 1681 2887 necdum,
1707 2847 1804 2886 10,10
1818 2846 1982 2886 alterius,
2008 2846 2106 2886 10,25
2118 2845 2330 2885 irritatura,
2350 2843 2449 2885 1039
2461 2843 2532 2886 hie,
2573 2838 2577 2843 ’
2614 2838 2616 2840 ’
2728 2833 2733 2841 ’

256 2902 333 2943 123
350 2911 438 2945 non,
464 2903 563 2943 1210
587 2903 722 2945 divitis,
747 2904 823 2945 13,5
844 2904 982 2946 forma,
1008 2903 1083 2944 13,7
1108 2904 1271 2946 queritis,
1297 2904 1394 2944 13,16
1418 2904 1457 2938 in
1482 2903 1592 2944 lectis,
1618 2902 1716 2942 1338
1734 2902 1882 2944 adduci,
1907 2902 2027 2943 14,3.4
2051 2902 2140 2943 iam,
2165 2900 2263 2941 14³9
2281 2900 2388 2934 deest
2409 2899 2531 2935 limen.
2718 2941 2731 2946 ‚.

256 2959 332 2999 15,7
356 2958 465 3000 chois,
491 2959 568 2999 15,8
591 2961 634 3001 et,
660 2960 736 3000 15,9
759 2962 802 3001 et,
828 2960 927 3000 16,18
949 2961 1038 3001 iam,
1065 2960 1162 2998 1637
1183 2960 1316 3000 iacula,
1343 2960 1440 2995 1647
1459 2962 1501 3000 et,
1527 2959 1625 2997 1832
1643 2958 1793 2999 nostris,
1819 2958 1916 2999 1932
1935 2958 2089 2998 abstrat,
2114 2956 2188 2997 20,1
2207 2965 2281 2995 nec,
2305 2955 2384 2996 20,3
2401 2955 2532 2997 currit,
2725 2965 2736 2977 ·-

391 3058 412 3089 ²)
437 3058 596 3086 interdum
614 3060 718 3087 codice
735 3059 758 3087 F
776 3060 876 3087 variis
894 3060 1020 3086 mendis
1038 3059 1204 3092 inquinato
1222 3059 1323 3085 altera
1340 3065 1476 3092 propago
1496 3058 1634 3085 familiae
1654 3058 1683 3084 A
1700 3059 1786 3085 solus
1805 3057 1887 3084 11880
1905 3057 2059 3084 familiam
2077 3055 2310 3089 repraesentat.
