2762 3393
14 265 43 314 ’⁴
219 282 346 343 [esse
356 284 648 332 &monstraret

204 254 209 266 ¹
241 238 316 285 qui
319 209 406 295 1109
415 220 743 284 interpolatorum
759 215 884 276 'studio
907 248 978 275 1100
969 198 1238 294 librariorum
1253 206 1402 276 1110111·ὶο
1433 240 1481 295 ab
1500 237 1678 286 ingenua

243 406 330 448 cum
352 377 602 443 fundamenta
623 407 718 442 artis
741 406 891 442 criticae
914 416 937 441 a
951 405 1194 443 Lachmanno
1218 407 1257 442 et
1279 407 1336 450 iis,
1360 408 1423 450 qui
1445 408 1606 451 vestigia
1628 406 1727 443 01110
1733 393 1982 451 premebant,
1989 401 2186 444 iacta'ev
2226 432 2234 436 -

222 461 413 500 ‘codicum
435 461 734 508 suppellectilem
757 463 1018 526 substitueret.
1063 461 1248 505 Quattuor
1271 463 1372 497 enim
1396 463 1509 499 libros
1533 472 1625 499 msc.
1650 464 1764 499 antea
1795 464 1863 500 aut
1894 463 2104 506 incognitos
2129 463 2241 518 aut

200 617 203 619 Α
242 575 420 621 ineuntis,
449 575 608 612 alteram
643 585 692 611 ex
717 577 841 611 codice
875 568 1057 611 Vaticano
1092 585 1120 611 s.
1145 575 1235 611 XIV
1269 576 1444 611 exeuntis
1477 578 1516 611 et
1548 576 1808 611 Daventriensi
1845 585 1875 611 0.
1899 574 2002 616 XV¹)
2035 554 2209 612 constare
2238 567 2332 621 ipse'
2335 558 2422 624 in.

244 641 279 677 p.
303 631 358 668 IV
382 642 464 677 sqq.
488 631 608 668 rusius
632 632 796 677 exponit
856 631 914 666 Ex
937 632 997 667 his
1021 632 1135 667 libros
1171 632 1199 666 F
1225 635 1263 667 et
1288 633 1320 667 V
1345 635 1572 668 correctores
1605 641 1736 677 passos
1772 641 1867 676 esse,
1901 633 1964 675 qui
1996 635 2036 667 et
2067 633 2228 676 plurima
2261 624 2377 679 vitia

242 697 380 726 manus
404 689 629 724 sustulerint
651 691 691 751 et
714 689 894 751 lectiones
918 689 1076 751 multa-s·
1097 689 1251 723 alterius
1276 689 1438 723 familiae
1480 691 1517 723 in
1549 699 1661 724 suum
1694 689 1888 732 exemplar
1928 689 2123 751 intulerint
2161 690 2279 732 atque
2319 649 2454 743 libris
2473 706 2481 719 ·

242 855 408 891 familiae
430 855 497 890 DV
522 856 714 899 receperit.
765 855 913 898 Optimo
944 856 1024 890 iure
1048 856 1141 891 haec
1166 855 1383 890 Baehrensii
1409 856 1453 890 de
1478 857 1608 890 textus
1632 856 1807 890 subsidiis
1832 856 2019 891 sententia
2044 865 2066 890 a
2089 856 2192 891 sanis
2224 856 2263 892 et
2280 839 2619 905 prudonubusjffv'g

244 911 379 946 criticis
404 912 627 954 impugnata
651 913 721 954 est,
746 920 794 946 ex
820 912 956 954 quibus
981 912 1098 954 primo
1124 911 1202 945 loco
1227 910 1435 945 Fridericus
1459 911 1533 945 Leo
1566 912 1816 945 nominandus
1850 913 1918 954 est,
1954 912 2016 954 qui
2048 912 2092 946 N.
2128 912 2293 947 codicem
2326 912 2455 965 solum·
2474 912 2564 967 ab-JI'-
2581 959 2583 961 ‚
2603 952 2622 963 a

241 967 529 1009 interpolatione
552 969 743 1007 integrum
768 969 807 1000 et
831 967 1130 1001 Baehrensianos
1155 968 1278 1007 potius
1303 967 1415 1000 libros
1450 967 1619 1008 plurimis
1653 967 1742 1001 locis
1776 969 1999 1002 commentis
2032 968 2214 1005 Italorum
2247 967 2524 1005 contaminatos
2580 966 2613 1008 ῘῘ-’“

244 1031 329 1058 0000
352 1022 650 1058 luculentissime
674 1023 797 1058 docuit
822 1024 859 1057 in
884 1023 1010 1058 Museo
1034 1022 1216 1058 Rhenano
1245 1022 1331 1057 1880
1357 1032 1389 1065 p.
1415 1023 1479 1058 441
1507 1032 1586 1065 sqq.
1646 1022 1721 1059 Nec
1754 1023 1878 1058 minus
1912 1021 1954 1058 N.
1989 1023 2124 1073 codicis
2157 1023 2360 1067 scripturas
2396 1024 2526 1063 contra·
2568 1012 2679 1069 ‘J‘T'g‘

242 1087 363 1114 novae
395 1079 522 1122 stirpis
554 1079 820 1114 auctoritatem
854 1079 1052 1113 defendere
1077 1079 1220 1112 studuit
1245 1079 1445 1113 Brandtius
1470 1080 1507 1113 in
1532 1080 1619 1113 diss.
1644 1079 1804 1113 Berolini
1831 1079 1918 1113 1880
1951 1079 2099 1122 scripta,
2124 1079 2186 1122 qui
2211 1079 2258 1113 de
2281 1080 2299 1114 I
2322 1080 2388 1122 5,9,
2413 1079 2431 1114 Ι
2452 1078 2520 1124 8,9.
2543 1104 2545 1107 ⁴
2572 1071 2607 1126 ,³-

243 1134 262 1169 1
285 1135 373 1177 8,19.
410 1133 566 1176 aliisque
603 1134 694 1168 locis
733 1136 918 1176 copiosius
956 1135 1169 1177 disputavit.
1219 1136 1399 1168 Attamen
1434 1136 1651 1176 extiterunt,
1694 1135 1755 1175 qui
1789 1136 1966 1177 putarent
1996 1134 2079 1168 illos
2116 1136 2214 1169 viros
2250 1135 2363 1170 nimio
2399 1135 2541 1178 studio,
2579 1127 2762 1183 ſsaw‘jssffiissf

243 1191 380 1225 codicis
405 1190 447 1224 N.
473 1191 727 1233 praestantiae
752 1190 1008 1224 defendendae
1033 1191 1209 1232 abreptos
1234 1193 1402 1225 severius
1427 1199 1540 1232 quam
1566 1191 1688 1223 verius
1712 1190 1887 1224 iudicium
1912 1190 1957 1224 de
1982 1198 2077 1225 novo
2102 1189 2164 1224 illo
2189 1193 2373 1233 apparatu
2396 1191 2523 1227 critico
2564 1190 2723 1241 :gr
2741 1183 2762 1205 ’ἕ

243 1244 462 1280 Baehrensii
487 1245 630 1293 tulisse,
655 1246 692 1279 in
718 1247 852 1288 quibus
878 1248 936 1279 est
961 1245 1145 1288 Solbisky,
1184 1248 1244 1287 qui
1270 1248 1307 1280 in
1332 1248 1417 1280 diss.
1442 1245 1596 1279 Jenensi
1622 1245 1707 1279 1882
1733 1246 1920 1279 uberrime
1944 1247 1982 1279 et
2006 1246 2219 1280 doctissime
2258 1247 2303 1280 de
2340 1246 2539 1290 codicibus·
2566 1244 2601 1283 '⁷7
2624 1241 2641 1290 „⁸-
2669 1252 2762 1273 ““

242 1301 497 1344 Propertianis
522 1302 709 1341 disseruit,
734 1310 803 1335 nec
829 1310 903 1334 non
928 1301 1220 1343 Rossbergius2),
1247 1303 1308 1343 qui
1327 1304 1368 1335 ut
1388 1302 1621 1343 Neapolitani
1641 1302 1847 1335 bonitatem
1865 1302 2047 1342 agnoscit,
2072 1301 2124 1335 ita
2142 1302 2286 1336 ceteros
2306 1300 2525 1338 Baehrensii
2627 1313 2637 1327 ··
2654 1291 2757 1333 “—

243 1357 389 1392 codices
412 1357 450 1390 in
474 1357 584 1390 textu
609 1355 790 1398 Propertii
815 1357 861 1390 ad
886 1357 1144 1396 integritatem
1170 1358 1366 1399 pristinam
1392 1357 1592 1399 redigendo
1617 1365 1708 1390 sane
1732 1356 1982 1398 respiciendos
2007 1365 2090 1391 esse
2114 1356 2152 1390 in
2176 1356 2346 1391 thesibus
2371 1357 2418 1391 de
2442 1358 2523 1392 sub·
2557 1354 2581 1391 *1

240 1413 346 1448 sidiis
358 1413 494 1447 criticis
506 1411 687 1455 Propertii
700 1412 854 1455 prolatis
870 1414 1004 1455 posuit.
1030 1412 1196 1455 Denique
1217 1413 1465 1456 Heymannus
1488 1413 1524 1446 in
1543 1413 1627 1446 diss.
1649 1411 1804 1446 Halensi
1820 1412 1916 1454 1883,
1942 1421 2037 1454 quae
2054 1412 2266 1446 inscribitur
2283 1412 2523 1457 quaestiones
2558 1432 2561 1438 =
2573 1427 2583 1458 ,γ
2628 1460 2632 1464 .
2676 1457 2683 1462 ¹
2716 1454 2745 1467 U

240 1469 512 1512 grammaticae
537 1470 576 1502 et
600 1469 871 1510 epigraphicae,
898 1472 943 1511 (p.
958 1469 1015 1507 84)
1040 1469 1153 1503 libros
1178 1469 1396 1503 Baehrensii
1421 1478 1534 1511 saepe
1552 1470 1693 1511 priscae
1719 1469 1904 1502 scribendi
1929 1469 2083 1503 rationis
2103 1469 2328 1503 documenta
2346 1468 2524 1516 exhibere
2675 1463 2688 1477 ’“

242 1526 283 1560 et
306 1524 478 1568 quamvis
502 1524 540 1558 in
565 1523 715 1566 reliquis
740 1524 853 1558 rebus
878 1525 1086 1559 vitiosiores
1105 1526 1190 1567 sint,
1216 1526 1260 1559 ad
1280 1526 1482 1567 imaginem
1501 1525 1638 1559 veteris
1656 1526 1841 1567 aretetypi
1863 1524 2068 1567 scripturae
2088 1524 2337 1559 revocandam
2357 1533 2525 1559 summm
2584 1521 2588 1523 “
2712 1513 2716 1521 ’

242 1582 503 1616 adiumentum
540 1582 718 1623 praebere
753 1582 902 1614 iudicat.
963 1581 1055 1614 Cum
1092 1583 1205 1622 igitur
1241 1583 1363 1616 adhuc
1400 1583 1435 1614 in
1470 1583 1581 1615 dubio
1615 1582 1674 1622 sit,
1711 1583 1895 1622 quantum
1930 1582 2164 1615 auctoritatis
2197 1581 2383 1616 codicibus
2406 1581 2478 1616 illis
2501 1589 2525 1628 a
2593 1620 2597 1622 v
2663 1614 2692 1624 ,,

242 1636 472 1673 Baehrensio
497 1636 535 1670 in
559 1636 719 1672 editione
745 1646 814 1671 sua
838 1637 1014 1672 adhibitis
1038 1638 1278 1672 tribuendum
1303 1639 1362 1679 sit,
1388 1646 1462 1672 non
1481 1637 1643 1671 alienum
1670 1636 1760 1670 mihi
1784 1637 1907 1671 visum
1927 1638 1986 1671 est
2009 1637 2106 1671 hanc
2124 1637 2383 1679 quaestionem
2401 1637 2523 1672 denuo
2576 1645 2583 1649 ·
2644 1644 2646 1646 ·

240 1694 471 1735 pertractare
504 1695 542 1725 et
575 1693 810 1732 singulorum
847 1694 1015 1726 codicum
1052 1695 1240 1727 erroribus
1276 1698 1314 1727 et
1350 1695 1447 1726 vitiis
1484 1696 1657 1726 accurate
1693 1694 1918 1726 examinatis
1950 1697 1988 1726 in
2012 1693 2133 1726 lucem
2167 1692 2342 1735 proferre,
2380 1695 2522 1734 quanta

242 1749 440 1792 unicuique
477 1746 572 1782 fides
608 1749 658 1783 sit
693 1748 867 1783 habenda
900 1749 939 1783 et
969 1749 1054 1791 quid
1088 1749 1262 1784 utilitatis
1295 1758 1342 1784 ex
1375 1749 1418 1783 iis
1443 1749 1489 1783 ad
1514 1748 1784 1783 restituendam
1810 1749 1995 1792 aretetypi
2032 1748 2093 1791 qui
2117 1748 2273 1782 vocatur
2297 1748 2524 1792 scripturam

240 1806 435 1839 redundet.
483 1807 609 1847 Atque
633 1805 991 1837 commentationem
1016 1814 1141 1838 meam
1167 1807 1218 1838 ita
1243 1807 1448 1846 instituam,
1474 1807 1516 1837 ut
1540 1806 1698 1846 prImum
1726 1805 1894 1844 singulos
1919 1804 2146 1837 familiarum
2172 1802 2234 1836 AF
2260 1805 2299 1837 et
2316 1804 2382 1838 DV
2405 1805 2521 1838 libros
2576 1807 2578 1809 ’

243 1861 481 1904 perIustrem,
508 1861 640 1895 deinde
665 1861 711 1894 ad
737 1862 965 1894 correctores
991 1861 1160 1895 codicum
1186 1861 1212 1894 F
1239 1864 1275 1894 et
1303 1861 1333 1895 V
1358 1860 1416 1900 (Fu.
1441 1863 1480 1895 et
1504 1859 1565 1898 V·)
1591 1860 1834 1894 excutiendos
1859 1862 2062 1903 transeam,
2097 1859 2256 1901 denique
2289 1853 2520 1903 Neapolitani
2576 1898 2580 1900 ,
2604 1874 2614 1903 ,
2641 1858 2643 1860 ’
2689 1850 2692 1853 ’

242 1916 423 1951 lectiones
447 1924 677 1957 recenseam,
702 1916 800 1948 unde
825 1916 1083 1957 appariturum
1109 1918 1209 1958 puto,
1236 1925 1330 1958 quae
1356 1917 1449 1949 ratio
1475 1917 1513 1948 et
1538 1916 1633 1948 inter
1657 1915 1825 1956 singulos
1850 1915 1962 1948 libros
1987 1916 2025 1949 et
2049 1915 2147 1948 inter
2169 1916 2398 1950 correctores
2431 1916 2543 1952 istos.
2573 1934 2578 1937 ν

243 1974 284 2007 et
307 1973 471 2007 codicem
497 1972 539 2006 N.
565 1971 783 2006 intercedat.
831 1971 884 2005 De
903 1972 1117 2006 nominibus
1141 1973 1297 2014 propriis
1321 1974 1460 2013 autem,
1486 1972 1522 2005 in
1543 1980 1637 2013 quae
1655 1971 1821 2005 maxime
1839 1979 1862 2004 a
1880 1970 2036 2005 librariis
2055 1972 2241 2006 saevitum
2260 1980 2345 2006 esse
2364 1971 2523 2015 constat,
2576 1968 2581 1974 ⁴
2632 1981 2634 1988 ’

241 2028 446 2071 separatim
470 2028 754 2070 disputabimus,
780 2028 818 2060 et
843 2028 941 2069 quod
967 2036 1106 2068 genera
1131 2028 1306 2061 vitiorum
1332 2037 1444 2070 saepe
1469 2037 1490 2061 a
1516 2028 1668 2068 reliquis
1695 2028 1841 2060 diversa
1864 2027 1901 2060 in
1926 2027 1979 2060 eis
2004 2028 2250 2069 reperiuntur,
2275 2032 2314 2061 et
2332 2027 2527 2069 quodhac
2571 2066 2574 2069 ¹
2617 2065 2619 2068 ¹
2673 2054 2711 2062 -
2758 2047 2762 2054 -

242 2085 349 2128 parte
373 2084 703 2119 commentationis
727 2084 825 2117 vitiis
851 2084 1082 2124 gravissimis
1117 2085 1223 2126 quasi
1248 2085 1284 2118 in
1310 2093 1428 2118 unum
1453 2084 1693 2126 conspectum
1719 2083 1862 2117 collatis
1888 2083 2053 2118 maxime
2089 2084 2374 2127 comprobatum
2396 2083 2440 2118 iri
2472 2091 2524 2118 ar·
2621 2103 2625 2108 ·
2669 2075 2723 2106 *3⁴³7*

242 2140 369 2182 bitror,
394 2149 485 2174 num
511 2140 557 2174 de
582 2140 806 2174 auctoritate
831 2139 1008 2174 librorum
1033 2142 1133 2174 recte
1158 2141 1363 2175 iudicatum
1382 2140 1440 2174 sit.
1478 2139 1549 2174 Sed
1569 2148 1614 2174 ea
1630 2140 1666 2173 in
1684 2148 1723 2173 re
1747 2148 1794 2173 ne
1815 2139 1957 2173 multus
1976 2139 2046 2173 sim
2065 2139 2306 2182 taediumque
2325 2139 2525 2174 lectoribus
2607 2166 2609 2168 .

242 2192 428 2238 moveam,
452 2197 551 2230 intra
576 2195 671 2229 fines
695 2196 804 2237 primi
827 2195 909 2228 libri
934 2205 994 2229 me
1020 2197 1228 2238 continebo,
1254 2197 1475 2238 praesertim
1501 2204 1586 2229 cum
1611 2196 1743 2228 eadem
1769 2196 1904 2228 menda
1929 2197 1967 2228 et
1991 2196 2091 2237 vitia,
2127 2205 2224 2238 quae
2256 2197 2294 2230 in
2318 2196 2447 2238 primo,
2483 2195 2522 2229 in
2571 2226 2574 2230 .
2621 2219 2647 2224 --

243 2253 377 2287 ceteris
401 2253 609 2286 carminum
635 2251 737 2285 libris
762 2251 937 2292 legantur
961 2253 999 2285 et
1023 2253 1134 2286 unius
1159 2251 1240 2285 libri
1265 2261 1411 2286 errores
1435 2252 1528 2285 satis
1552 2251 1714 2284 indolem
1739 2250 1876 2285 librarii
1901 2250 2100 2286 illustrent.
2139 2251 2279 2293 Quibus
2305 2250 2521 2294 praemissis

243 2307 291 2342 ad
314 2316 395 2341 rem
419 2308 540 2349 ipsam
564 2306 801 2340 accedamus.

378 3040 401 3072 ¹)
430 3040 606 3067 Vossianus
624 3040 664 3067 A.
696 3039 928 3067 Laurentianus
946 3040 979 3066 F.
1015 3039 1189 3066 Vaticanus
1209 3039 1246 3065 V.
1281 3039 1523 3066 Daventriensis
1543 3039 1577 3066 D.
1596 3039 1705 3066 littera
1723 3039 1884 3066 notantur.

379 3085 402 3118 ³)
430 3084 574 3114 Annales
592 3084 788 3114 Fleckeiseni
807 3084 882 3114 1888.
900 3092 928 3119 p.
945 3085 989 3113 65.
