2762 3393
90 1079 93 1087 1
119 1003 122 1005 >
152 1028 160 1035 ⁵
215 1034 251 1070 id
275 1031 372 1077 quod
395 1031 507 1067 huius
531 1031 666 1067 codicis
689 1032 879 1075 proprium
904 1032 973 1075 est,
998 1032 1131 1066 eadem
1155 1031 1335 1068 vocabula
1359 1032 1533 1075 deinceps
1557 1031 1778 1074 repetuntur
1801 1031 1905 1065 velut
1926 1031 1981 1073 8,7
2002 1032 2159 1076 positas,
2200 1029 2278 1076 837
2302 1031 2486 1083 quamue,
2538 1071 2542 1074 ,
2585 1042 2604 1081 j

1089 308 1176 397 ne
1190 342 1200 358 .
1218 316 1448 373 famma
1466 314 1632 368 AF)

1164 442 1203 475 1.
1239 418 1539 477 Domaioej.

331 515 525 576 Primum
536 516 656 574 igitur
679 529 725 564 de
748 538 777 564 c.
800 530 835 564 A
859 529 1057 564 dicendum
1080 532 1149 572 est,
1174 530 1277 564 cuius
1295 530 1472 564 naturam
1496 530 1635 573 optime
1659 539 1707 564 ex
1730 530 1774 564 iis
1791 530 1882 566 locis
1899 496 2200 573 perspiciemus,
2214 508 2353 574 quibus
2366 516 2511 568 aar
2578 505 2582 511 Ι

223 558 416 631 dissentit.
419 573 504 630 iaffl
527 584 658 630 quales
674 584 758 620 sint
780 585 860 621 eius
884 594 1039 629 errores,
1061 585 1141 629 ipse
1164 586 1387 621 consideres,

217 864 377 910 (memini
398 874 465 913 pro
489 865 675 908 meminit),
711 865 790 907 428
813 865 835 899 d
860 865 1052 909 (quiquam
1076 874 1141 908 pro
1166 866 1393 909 quidquam),
1427 865 1504 909 627
1533 866 1545 899 i
1569 865 1675 906 (mult
1699 874 1763 908 pro
1788 865 1916 908 multi),
1949 865 2024 906 721
2044 873 2083 900 m
2106 866 2169 906 (tu
2185 873 2252 909 pro
2275 865 2490 910 tumquod

215 923 388 958 facillime
410 921 490 955 fieri
514 922 645 963 potuit,
670 930 756 954 cum
774 921 975 962 insequens
993 922 1151 955 verbum
1175 930 1197 954 a
1220 922 1344 955 littera
1364 931 1401 954 m
1423 922 1623 963 inciperet).
1649 921 1738 962 ·17,9
1767 921 1805 954 111
1830 920 1903 954 fine
1926 930 2059 955 versus
2081 921 2190 955 deest
2205 928 2283 959 vox
2306 921 2486 964 walae,

217 978 324 1014 videl.
346 986 398 1014 ex
420 976 558 1012 librarii
582 976 830 1019 neglegentia,
862 986 950 1022 narn
974 977 1012 1011 in
1035 977 1117 1011 aliis
1141 976 1314 1011 omnibus
1339 977 1525 1011 codicibus
1549 977 1657 1011 extat
1687 985 1756 1011 nec
1789 975 1866 1011 fere
1891 976 2148 1019 corrumpitur.
2194 974 2486 1021 Nonnunquam,

213 1090 311 1125 aliud
334 1089 467 1124 vitium
490 1089 702 1123 admixtum
727 1090 786 1123 est
817 1090 881 1131 5,6,
918 1090 981 1122 ubi
1005 1089 1136 1123 ebibere
1171 1091 1259 1123 ante
1294 1091 1325 1122 et
1360 1089 1474 1122 bibere
1508 1088 1697 1130 repetitur,
1741 1087 1849 1130 15,31,
1883 1088 1947 1121 ubi
1971 1089 2130 1122 mutetur
2162 1087 2202 1122 in
2223 1088 2390 1143 imitetur
2423 1088 2495 1126 dev

215 1146 355 1180 flexum
379 1146 447 1179 est.
495 1144 587 1179 Aliis
611 1144 700 1178 locis
723 1144 896 1178 librarius
920 1146 998 1186 ipse
1023 1153 1064 1178 se
1088 1145 1252 1178 correxit
1269 1146 1308 1179 et
1325 1144 1544 1186 plerumque
1560 1144 1682 1178 locum
1707 1143 1939 1177 emendavit:
1985 1143 2042 1186 9,8
2075 1143 2247 1187 apposito
2280 1143 2431 1186 (litteris
2458 1153 2486 1179 a

211 1199 255 1236 ‘et
273 1209 303 1244 p
327 1200 568 1243 suppunctis),
592 1200 670 1242 923
694 1200 867 1243 cuiquam
891 1201 975 1243 („ex
1000 1200 1220 1241 correctura,
1246 1201 1290 1233 ut
1312 1197 1479 1234 videtur“
1506 1198 1755 1233 Baehrensius
1779 1199 1827 1232 ad
1851 1198 1951 1232 hunc
1975 1198 2097 1233 locum
2122 1198 2286 1252 adnotat,
2309 1207 2381 1234 nec
2402 1199 2484 1235 veri

145 1254 147 1256 ’
216 1255 393 1290 dissimile
417 1256 485 1297 est,
511 1264 595 1290 cum
620 1256 684 1297 qui
706 1258 753 1293 (s)
777 1256 815 1289 et
839 1255 898 1289 cui
921 1255 1061 1297 passim
1086 1255 1124 1288 in
1142 1255 1245 1288 libris
1268 1263 1360 1289 msc.
1386 1255 1661 1289 confundantur
1679 1254 1724 1288 cf.
1749 1254 1904 1295 1115,47.
1923 1253 1977 1287 53.
2007 1254 2081 1297 17,1
2107 1267 2147 1282 =
2171 1253 2211 1289 B.
2237 1254 2274 1288 H
2298 1254 2410 1296 1347.
2427 1254 2483 1290 53.

215 1311 327 1352 23,1..)
360 1311 474 1353 17,19
502 1310 675 1345 librarius
714 1320 778 1353 pro
799 1311 1029 1354 peperissent
1064 1310 1232 1353 reposuit
1265 1310 1486 1353 sepelissent,
1523 1311 1597 1351 166
1631 1310 1855 1344 vocabulum
1885 1311 2062 1354 indiqnis,
2097 1312 2209 1346 antea
2236 1311 2274 1345 in
2305 1311 2486 1346 contextu

215 1367 414 1401 verborum
437 1366 630 1408 omissum,
649 1366 687 1399 in
704 1366 778 1399 fine
803 1374 935 1400 versus
959 1366 1129 1399 adiunxit
1152 1367 1242 1399 nota
1265 1366 1328 1399 ubi
1352 1366 1591 1400 inserendum
1615 1366 1664 1399 sit
1688 1366 2426 1399 addita..

347 1421 546 1456 Piaeterea
569 1421 748 1456 nonnulla
771 1422 977 1464 scripturae
1001 1421 1100 1463 vitia,
1127 1430 1223 1463 quae
1247 1421 1359 1462 vulgo
1379 1422 1415 1455 in
1434 1422 1617 1456 codicibus
1642 1421 1822 1464 feruntur,
1847 1422 2013 1456 notanda
2036 1424 2135 1456 sunt.
2167 1423 2196 1463 1,
2199 1423 2219 1456 7
2236 1423 2330 1457 toto.
2343 1422 2483 1457 ‚annis

216 1486 280 1520 pro
304 1478 396 1512 toto.
410 1487 543 1514 ..anno
591 1477 667 1520 1,29
687 1477 780 1520 forte
804 1487 870 1520 pro
892 1477 992 1519 ferte,
1030 1478 1066 1511 in
1105 1477 1236 1512 eodem
1269 1486 1380 1512 versu
1410 1478 1506 1520 ferre
1539 1486 1603 1520 pro
1625 1477 1715 1519 ferte
1748 1477 1805 1517 (cf.
1833 1478 1849 1511 1
1854 1477 1906 1519 ,31
1933 1478 2100 1513 eiusdem
2125 1478 2257 1513 codicis
2280 1477 2482 1514 lectionem

215 1520 402 1568 remanere
425 1542 490 1576 pro
514 1535 695 1568 remanete
719 1535 757 1567 et
777 1534 852 1574 1,35
876 1534 995 1568 simile
1014 1534 1145 1567 vitium
1164 1534 1296 1567 codicis
1314 1533 1353 1574 F,
1379 1534 1494 1567 vitare
1517 1542 1582 1575 pro
1607 1534 1738 1572 vitate).
1782 1533 1859 1575 1,30
1877 1534 2020 1568 semina
2044 1542 2108 1576 pro
2130 1534 2282 1576 femina,
2307 1534 2483 1577 (quocu'm

216 1599 389 1632 compara
408 1589 483 1631 1,34
508 1589 600 1625 desit
622 1599 688 1632 pro
713 1590 796 1633 desit
820 1591 858 1624 et
883 1590 958 1632 12,9
981 1600 1112 1624 sumus
1137 1599 1201 1632 pro
1223 1590 1389 1632 fuimus).
1425 1590 1503 1632 527
1527 1599 1609 1624 cum
1626 1598 1692 1632 pro
1716 1590 1805 1624 tum.
1841 1589 1897 1630 82
1921 1590 1993 1624 sim
2016 1599 2081 1633 pro
2105 1600 2199 1625 sum.
2233 1590 2312 1633 823
2334 1589 2486 1626 navitae

214 1653 279 1687 pro
302 1647 443 1679 nautas
467 1645 539 1688 (1110
563 1645 700 1679 librarii
724 1654 825 1679 error
849 1645 993 1687 legibus
1015 1646 1180 1679 metricis
1205 1645 1444 1687 convincitur,
1469 1647 1513 1678 ut
1530 1645 1562 1687 8,
1565 1646 1608 1677 44
1628 1646 1702 1678 sive
1720 1645 1757 1678 in
1776 1644 1840 1678 AF·
1859 1645 1996 1686 legitur
2020 1655 2084 1688 pro
2103 1655 2179 1687 seu,
2202 1646 2300 1688 quod
2318 1647 2484 1686 metrum

214 1701 406 1744 postulat).
455 1702 531 1744 12,8
555 1712 678 1736 amore
702 1712 767 1744 pro
793 1712 930 1736 amare.
979 1702 1077 1743 12,19
1123 1702 1307 1736 dissistere
1342 1711 1406 1743 pro
1443 1702 1612 1736 desistere
1647 1701 1837 1743 (frequens
1871 1703 1930 1736 est
1966 1702 2131 1736 confusio
2167 1703 2483 1745 praepositionum

217 1755 259 1790 de
290 1757 328 1790 et
360 1756 399 1790 di
429 1759 488 1795 (s).
533 1766 623 1791 cave
653 1758 781 1791 tamen
816 1757 993 1791 discedere
1026 1765 1112 1791 cum
1136 1756 1200 1790 DV
1224 1765 1392 1800 reponaS,
1439 1757 1535 1799 quod
1570 1756 1897 1828 interpolationem
1935 1757 2078 1800 prodit).
2127 1757 2225 1799 17,19
2248 1757 2393 1792 demum
2415 1765 2483 1801 pro

215 1813 490 1854 meum.18,15
509 1813 609 1855 fluor
632 1823 696 1855 pro
718 1814 838 1854 furor:
886 1814 941 1854 20
943 1814 986 1847 29
1011 1813 1063 1847 ali
1087 1822 1151 1855 pro
1177 1813 1250 1846 ala.

349 1866 406 1901 Ex
429 1867 488 1902 his
513 1869 668 1911 apparet
691 1869 854 1903 codicem
879 1869 913 1902 A
938 1869 1139 1903 admodum
1163 1869 1256 1902 raris
1281 1877 1346 1911 pro
1370 1877 1526 1902 numero
1551 1868 1758 1902 carminum
1784 1876 1852 1902 nec
1876 1868 2022 1910 longius
2054 1869 2101 1903 ab
2125 1869 2342 1911 integritate
2371 1869 2480 1913 scrip-

214 1924 321 1957 turae
345 1924 500 1958 deflexis
524 1925 623 1958 vitiis
646 1924 855 1958 deformari.
903 1925 1138 1966 interpolatio
1175 1926 1303 1957 autem
1339 1924 1538 1957 manifesta
1560 1925 1598 1957 in
1621 1924 1693 1957 hac
1717 1926 1824 1965 parte
1849 1926 1983 1958 codicis
2008 1925 2041 1957 A
2065 1925 2168 1958 nulla
2192 1926 2359 1970 apparet.
2406 1926 2482 1959 iam

216 1977 262 2013 de
285 1978 550 2023 orthographia
574 1988 669 2023 quae
694 1980 827 2014 dicitur
851 1989 970 2023 pauca
994 1979 1141 2022 addam,
1167 1980 1302 2023 quippe
1321 1988 1416 2022 quae
1435 1979 1622 2023 proprium
1641 1980 1679 2013 in
1699 1979 1923 2021 quibusdam
1943 1980 2055 2014 rebus
2076 1980 2145 2014 sibi
2164 1979 2328 2015 vindicet
2344 1979 2479 2015 locum.

107 2027 119 2037 ”
159 2059 164 2063 -
214 2034 337 2068 media
359 2035 485 2069 littera
507 2043 573 2078 pro
594 2036 698 2069 tenui
722 2036 779 2069 bis
802 2037 1006 2078 usurpatur
1028 2037 1066 2069 in
1090 2036 1270 2070 vocabulo
1294 2036 1419 2079 capud
1445 2037 1497 2076 1,4
1516 2037 1554 2070 et
1571 2036 1635 2078 3,8‚
1661 2045 1757 2078 quae
1781 2036 1992 2070 litterarum
2009 2036 2235 2078 permutatio
2259 2036 2483 2081 saepissime

215 2088 253 2123 in
275 2090 467 2133 particulis
490 2091 553 2125 sed
576 2092 618 2129 (t)
641 2092 679 2126 et
703 2090 806 2125 haud
829 2092 872 2130 (t)
896 2091 1056 2126 occurrit
1079 2100 1148 2126 nec
1172 2100 1193 2125 a
1217 2090 1260 2125 N.
1286 2092 1440 2135 propriis
1464 2100 1616 2135 prorsus
1640 2091 1762 2126 aliena
1786 2092 1864 2126 est:
1903 2092 2000 2132 1820
2024 2091 2188 2136 Aryadio
2211 2091 2256 2125 A.
2294 2090 2393 2133 1822
2414 2090 2480 2127 De·

216 2147 350 2180 narius
372 2146 413 2180 F.
449 2147 575 2182 littera
598 2157 634 2181 m
667 2148 850 2190 imprimis
873 2149 961 2181 ante
982 2157 1011 2191 p
1034 2149 1072 2181 in
1097 2147 1288 2182 vocabulis
1324 2157 1409 2182 cum
1441 2147 1606 2190 praefixo
1640 2148 1680 2180 in
1716 2149 1931 2190 compositis
1963 2148 2077 2187 (velut
2111 2147 2294 2191 impositis
2319 2148 2383 2189 1,4‚
2416 2149 2480 2182 im·

213 2209 342 2243 presso
359 2202 448 2246 3,12,
479 2203 639 2247 improbe
662 2203 778 2246 339⁴),
811 2205 962 2247 impune
994 2204 1082 2246 4,17,
1114 2204 1302 2238 immemor
1339 2204 1425 2246 10,8,
1460 2203 1689 2247 imprudenti
1720 2202 1809 2243 2Ο,3)
1846 2208 1885 2238 et
1916 2203 2025 2237 simili
2060 2204 2169 2237 modo
2198 2212 2228 2246 p
2260 2204 2345 2245 post
2375 2212 2414 2238 m
2443 2204 2484 2239 in

216 2255 443 2299 simplicibus
466 2259 618 2294 vocibus
650 2259 754 2293 velut
776 2268 956 2303 sompnus
987 2259 1042 2300 3,3
1075 2260 1113 2293 et
1147 2259 1245 2299 1622
1277 2259 1424 2302 legitur.
1458 2260 1503 2293 de
1527 2259 1800 2302 praepositione
1833 2268 1917 2293 cum
1941 2268 2007 2293 suo
2032 2259 2144 2293 verbo
2169 2259 2366 2294 coniuncta
2387 2258 2485 2299 haec

217 2313 357 2347 subicio
381 2315 572 2357 exempla:
604 2315 660 2355 2,9
688 2316 905 2356 summittat,
940 2316 1018 2355 22,9
1046 2315 1245 2357 subposito,
1285 2315 1362 2354 624
1388 2315 1546 2356 adferat,
1588 2315 1663 2355 102
1689 2315 1898 2356 adsueram,
1936 2315 2012 2354 4,19
2035 2315 2199 2355 comittet‚
2239 2314 2304 2348 ubi
2334 2313 2484 2358 lineola,

218 2375 313 2409 quae
345 2369 634 2410 geminationem
666 2370 812 2413 indicat,
849 2371 987 2405 omissa
1011 2371 1080 2406 est.
1116 2380 1134 2404 0
1157 2379 1222 2413 pro
1247 2372 1260 2404 t
1284 2370 1488 2404 sescenties
1519 2370 1677 2413 ponitur,
1711 2372 1748 2404 in
1781 2380 1853 2404 uno
1887 2370 2050 2404 carmine
2085 2369 2281 2412 quinquies
2315 2369 2402 2411 162.
2428 2370 2482 2405 16.

216 2421 270 2456 37.
293 2423 346 2458 39.
370 2425 425 2458 43.
450 2426 619 2459 occurrit.
665 2427 849 2468 scriptura
882 2426 905 2459 h
937 2428 1022 2467 post
1053 2428 1067 2459 t
1101 2427 1139 2460 et
1163 2436 1181 2460 c
1203 2426 1263 2460 vel
1287 2427 1301 2459 i
1324 2428 1362 2459 et
1385 2436 1408 2468 y
1430 2427 1510 2459 tam
1534 2427 1645 2459 dubia
1678 2428 1716 2459 et
1747 2428 1825 2459 tam
1857 2425 1967 2459 nullis
1991 2425 2136 2467 legibus
2167 2426 2323 2460 astricta
2346 2427 2416 2469 eet,
2439 2427 2485 2460 ut

216 2477 260 2512 de
278 2487 322 2513 ea
340 2479 478 2515 referre
502 2482 778 2524 supersedeam.
814 2481 886 2516 Sed
904 2491 979 2516 non
998 2481 1161 2516 alienum
1185 2481 1332 2516 videtur
1356 2481 1572 2524 compendia
1596 2482 1789 2523 quaedam,
1815 2481 1947 2523 quibus
1971 2480 2144 2515 librarius
2169 2480 2306 2515 codicis
2330 2481 2365 2515 A
2389 2490 2484 2516 usus

218 2535 286 2576 est,
323 2543 625 2579 commemorare,
662 2538 748 2579 quia
782 2538 845 2571 illa
879 2538 1026 2572 librario
1062 2538 1197 2572 codicis
1231 2537 1271 2580 F,
1306 2538 1384 2571 sive
1417 2538 1515 2579 quod
1546 2538 1584 2570 in
1607 2537 1709 2570 fonte
1732 2537 1919 2570 communi
1942 2537 2094 2579 invenit,
2132 2537 2211 2571 sive
2235 2537 2483 2583 quodssipsum

155 2585 158 2587 ’
217 2589 380 2625 codicem
415 2592 449 2626 A
484 2593 658 2636 inspexit,
694 2594 782 2627 ante
815 2593 941 2628 oculos
983 2596 1133 2628 versata
1174 2603 1257 2628 esse
1299 2595 1338 2627 et
1379 2594 1528 2636 saepius
1564 2601 1716 2627 causam
1754 2593 1886 2626 erroris
1923 2592 2141 2635 praebuisse
2174 2593 2377 2628 verisimile
2413 2594 2483 2629 est.

217 2642 314 2685 13,13
339 2656 431 2691 auqe
452 2663 495 2678 =
520 2658 671 2693 auqure‚
696 2649 771 2690 15,7
793 2649 818 2683 h
835 2663 877 2677 =
895 2649 992 2691 haec,
1018 2650 1116 2691 1524
1140 2659 1162 2693 q
1177 2663 1219 2678 =
1238 2659 1387 2693 quoque,
1411 2650 1509 2691 2021
1533 2648 1642 2683 houm
1667 2662 1707 2676 =
1731 2648 1892 2691 heroum,
1916 2648 1988 2682 alia
2011 2648 2047 2683 id
2073 2657 2203 2691 genus.

348 2703 515 2739 Alterius
538 2714 674 2740 manus
697 2714 814 2748 pauca
836 2706 996 2748 vestigia
1014 2706 1361 2748 deprehenduntur;
1385 2706 1498 2747 atque
1515 2713 1589 2739 uno
1607 2704 1685 2738 loco
1703 2704 1741 2738 Β.
1761 2705 1840 2747 ipse
1859 2705 2009 2739 disertis
2027 2706 2152 2739 verbis
2170 2705 2326 2740 alterius
2344 2714 2482 2740 manus

215 2757 442 2795 mentionem
478 2760 567 2797 facit
599 2762 713 2805 (129),
750 2761 832 2796 aliis
863 2761 952 2795 locis
987 2762 1199 2796 correctura
1230 2762 1308 2795 vitii
1343 2761 1591 2804 suspicionem
1623 2761 1759 2795 movet.
1807 2760 1899 2795 nihil
1923 2761 2004 2795 dico
2030 2762 2076 2796 de
2099 2761 2235 2796 litteris
2259 2762 2482 2805 suppunctis

215 2811 313 2852 (531,
336 2814 402 2855 9,8.
427 2817 537 2859 19,21.
560 2818 672 2859 2039)
707 2818 767 2853 vel
798 2818 844 2853 de
876 2818 989 2852 verbo
1019 2817 1184 2860 indiqnis
1217 2817 1293 2857 16,9
1324 2817 1503 2860 apposito,
1539 2825 1634 2859 quae
1659 2817 1870 2851 emendatio
1895 2817 2027 2860 prioris
2050 2826 2187 2852 manus
2211 2818 2361 2853 videtur
2386 2826 2481 2861 esse,

351 2924 372 2956 ¹)
401 2933 604 2961 quaecunque
621 2927 659 2955 de
676 2928 730 2955 AF
749 2929 782 2955 et
798 2926 855 2955 DV
873 2926 1024 2961 dicentur,
1041 2926 1127 2960 notis
1145 2925 1265 2953 criticis
1281 2925 1467 2953 Baehrensii
1486 2927 1530 2958 (=
1547 2925 1586 2957 B)
1603 2925 1765 2954 debentur.
1800 2927 1827 2960 (c
1844 2938 1879 2949 =
1895 2926 2001 2961 codex,
2021 2927 2037 2955 f
2050 2940 2084 2950 =
2100 2927 2242 2961 famma)

348 2968 372 3000 ¹)
400 2971 540 2999 numeris
556 2973 630 3000 utor
647 2972 796 3000 editionis
813 2971 1035 2999 Muellerianae
1053 2971 1127 3005 1885,
1145 2970 1199 3003 qui
1211 2969 1312 3004 primo
1325 2969 1451 3003 quidem
1468 2970 1502 2996 111
1513 2969 1594 2997 libro
1612 2970 1669 2997 vix
1686 2970 1810 2998 distant
1826 2978 1846 2998 a
1863 2972 2005 2999 numeris
2022 2972 2171 3000 editionis
2191 2971 2463 3000 Baehrenslame.

349 3012 371 3046 ⁸)
400 3014 438 3043 de
454 3016 637 3049 nominibus
654 3017 791 3053 propriis
807 3024 914 3053 pauca,
932 3023 1011 3051 quae
1028 3016 1068 3045 ad
1085 3014 1346 3050 orthographiam
1364 3015 1518 3050 spectant,
1535 3015 1712 3050 praeripere
1730 3015 1810 3044 mihi
1827 3016 1930 3046 liceat.

347 3059 372 3089 ⁴)
400 3062 511 3089 contra
527 3062 671 3095 inprobus
688 3063 730 3093 Le
748 3063 847 3089 extat.

157 662 186 686 :-
345 643 475 679 Verba
492 641 666 677 continua
683 641 800 677 semel
819 642 985 677 seiunxit
1001 642 1172 677 librarius
1191 643 1232 677 17
1234 642 1295 686 ,4·)
1318 642 1460 681 (omnia
1477 645 1569 685 que),
1594 642 1710 676 semel
1727 642 1958 686 transposuit
1982 641 2084 686 19,16
2098 631 2217 686 (lm-93
2234 640 2292 682 w.
2315 627 2487 681 Inaeuae
2518 669 2521 672 >
2540 634 2550 666 ἶ
2574 637 2586 686 ’,
2644 668 2687 684 1,.
2733 687 2751 692 ..

196 703 310 749 x:punt
341 696 512 756 singulae
543 698 708 735 litterae:
752 699 806 742 2,1
831 699 848 733 t
879 699 983 739 (vitta
1009 713 1051 728 =
1075 699 1174 741 vita),
1209 699 1264 741 5,6
1294 707 1314 734 c
1345 697 1555 738 (thessalica
1578 712 1620 727 =
1644 697 1873 742 thessalias),
1908 698 1987 740 8,17
2011 698 2035 734 d
2059 697 2380 746 (quodeunque—
2402 702 2534 744 que·¹
2623 691 2711 751 ‘fif-³³5
2728 697 2762 735 ‘fia

146 768 153 790 .·
212 757 380 801 ,cunqueffi
398 779 403 783 -
421 753 497 798 11,4
529 763 548 789 0
580 754 764 792 (miscenis
787 767 830 782 =
853 753 1058 797 misenis)⁸),
1100 755 1198 797 12,12
1229 754 1255 788 h
1286 754 1462 798 leaehiyuo
1486 767 1529 782 =
1553 754 1703 797 exiyuo),
1746 754 1843 793 1310
1873 763 1898 788 11
1931 755 2084 798 (eximet
2106 767 2150 784 ===
2173 752 2311 798 wifel),
2351 753 2427 798 1⁶,1
2459 752 2505 789 h'
2584 756 2607 799 j
2677 754 2691 768 ⁴

62 801 73 814 ⁴
159 850 174 856 ..
220 810 456 854 (trihumphis
479 824 520 839 =
545 809 768 853 triumphis),
815 810 893 855 2Ο,9
928 810 953 844 11
989 810 1094 849 (hora
1117 824 1158 838 ==
1183 813 1273 849 ora).
1320 811 1468 844 omissis
1502 810 1659 852 singulis
1691 810 1824 844 litteris
1855 811 1969 845 verba
2001 809 2178 845 mutilata
2213 810 2322 845 eunt:
2358 809 2450 851 ’1,18
2469 810 2489 846 t
